@article{NODE07308733,
author={{장재득, 장문수; 최송인}},
title={{무선 주파수 인식(RFID) 시스템 기술 분석}},
booltitle={{[ETRI] 전자통신동향분석 제19권 제2호}},
journal={{[ETRI] 전자통신동향분석}},
volume={{19}},
issue={{2}},
publisher={한국전자통신연구원},
year={2004},
ISSN={{}},
abstract={{null}},
pages={0-0},
url={http://www.dbpia.co.kr/journal/articleDetail?nodeId=NODE07308733}}

@article{NODE01285670,
author={{박명순}},
title={{마이크로 프로세서의 발달}},
booltitle={{전기의세계 제46권 제9호}},
journal={{전기의세계}},
volume={{46}},
issue={{9}},
publisher={{대한전기학회}},
year={1997},
ISSN={{1598-4613}},
abstract={{null}},
pages={5-8},
url={http://www.dbpia.co.kr/journal/articleDetail?nodeId=NODE01285670}}

@book{hennessy2011computer,
  title={Computer architecture: a quantitative approach},
  author={Hennessy, John L and Patterson, David A},
  year={2011},
  publisher={Elsevier}
}

@book{alma991002826161104901,
abstract = {This user's guide does far more than simply outline the ARM Cortex-M3 CPU features; it explains step-by-step how to program and implement the processor in real-world designs. It teaches readers how to utilize the complete and thumb instruction sets in order to obtain the best functionality, efficiency, and reuseability. The author, an ARM engineer who helped develop the core, provides many examples and diagrams that aid understanding. Quick reference appendices make locating specific details a snap! Whole chapters are dedicated to: Debugging using the new CoreSight technologyMi},
author = {Yiu, Joseph.},
address = {Amsterdam ;},
edition = {1st edition},
isbn = {1-281-03935-7},
keywords = {Embedded computer systems},
language = {eng},
publisher = {Newnes},
series = {Embedded technology series},
title = {The definitive guide to the ARM Cortex-M3},
year = {2007},
}

@article{M1arch,
    url ={https://reviews.llvm.org/rGc4542005dae203dc4cb4e4be22628d4e24b4d5b6},
    title={llvm-project at llvm/master · llvm/llvm-project},
    publisher = {"GitHub"}
}


@article{armv8,
    url ={https://community.arm.com/developer/ip-products/processors/b/processors-ip-blog/posts/introducing-2017s-extensions-to-the-arm-architecture},
    title={Introducing 2017’s extensions to the Arm Architecture},
    Author = {ARM},
    year = {2017},
}

@article{armv8ISA,
    url ={https://developer.arm.com/documentation/ddi0487/latest/},
    title={Armv8-A Instruction Set Architecture},
    Author = {ARM},
    year = {2019-2020},
}

@article{ioStux,
    url = {https://docs.google.com/document/d/1mvbBtyQonjQYvqQrmP9trvS_7SP9Gfkm_1obJnx7jOU/edit},
    title = {ioStux Goats Thesis for Professional Teams and Players},
    year = {2019},
    publisher = {reddit},
}

@online{pg_sitting,
  author = {{피지컬갤러리}},
  title = {{앉기. (허리만 세운다고 되는게 아님)}},
  year = {2019},
  url = {https://youtu.be/Rjv7hnHkgXE},
  urldate = {2019}
}

@online{rz_form,
  author = {IMT},
  title = {{옵치 포메이션 싸움 - 라인/자리야 기초편}},
  year = {2018},
  url = {https://youtu.be/0HV-bKgbAwE},
  urldate = {2018. 10. 16}
}